<record><leader>00000cas a22000007a 4500</leader><controlfield tag="001">9624654</controlfield><controlfield tag="008">830620d18141815mauwr ne      0    0eng d</controlfield><datafield ind1=" " ind2=" " tag="010"><subfield code="a">sn 83020897 </subfield></datafield><datafield ind1=" " ind2=" " tag="040"><subfield code="a">NPX</subfield><subfield code="b">eng</subfield><subfield code="c">NPX</subfield><subfield code="d">MGN</subfield><subfield code="d">OCLCG</subfield><subfield code="d">OCLCQ</subfield></datafield><datafield ind1=" " ind2=" " tag="042"><subfield code="a">msc</subfield></datafield><datafield ind1=" " ind2=" " tag="043"><subfield code="a">n-us-ma</subfield></datafield><datafield ind1="0" ind2=" " tag="130"><subfield code="a">Berkshire herald (Stockbridge, Mass.)</subfield></datafield><datafield ind1="1" ind2="0" tag="245"><subfield code="a">Berkshire herald.</subfield></datafield><datafield ind1=" " ind2=" " tag="260"><subfield code="a">Stockbridge, Mass. :</subfield><subfield code="b">Milo Smith &amp; Co.</subfield></datafield><datafield ind1=" " ind2=" " tag="300"><subfield code="a">v. ;</subfield><subfield code="c">49 cm.</subfield></datafield><datafield ind1=" " ind2=" " tag="310"><subfield code="a">Weekly</subfield></datafield><datafield ind1="1" ind2=" " tag="362"><subfield code="a">Began in 1814; ceased in 1815.</subfield></datafield><datafield ind1=" " ind2=" " tag="500"><subfield code="a">Published "for the proprietors," Aug. 3, 1815-Sept. 14, 1815; Matthew Van Yorx, for the proprietors, Sept. 21, 1815-&lt;Nov. 23, 1815&gt;.</subfield></datafield><datafield ind1=" " ind2=" " tag="500"><subfield code="a">Printers: Milo Smith &amp; Co., 1814-July 27, 1815; Matthew Van Yorx, Sept. 1815-Nov. 1815.</subfield></datafield><datafield ind1=" " ind2=" " tag="515"><subfield code="a">Vol. 7, no. 23 (Dec. 22, 1814)-v. 8, no. 19 (Nov. 23, 1815) also called 335-383.</subfield></datafield><datafield ind1=" " ind2=" " tag="588"><subfield code="a">Description based on: Vol. 7, no. 23 (Dec. 22, 1814).</subfield></datafield><datafield ind1="1" ind2=" " tag="700"><subfield code="a">Smith, Milo,</subfield><subfield code="d">1784?-1834.</subfield></datafield><datafield ind1="1" ind2=" " tag="700"><subfield code="a">Van Yorx, Matthew.</subfield></datafield><datafield ind1=" " ind2=" " tag="752"><subfield code="a">United States</subfield><subfield code="b">Massachusetts</subfield><subfield code="c">Berkshire</subfield><subfield code="d">Stockbridge.</subfield></datafield><datafield ind1="0" ind2="0" tag="780"><subfield code="t">Farmer's herald (Stockbridge, Mass.)</subfield><subfield code="w">(DLC)sn 83020896</subfield></datafield><datafield ind1="0" ind2="7" tag="785"><subfield code="t">Berkshire reporter</subfield><subfield code="w">(DLC)sn 83020898</subfield></datafield><datafield ind1="0" ind2="7" tag="785"><subfield code="t">Berkshire star</subfield><subfield code="w">(DLC)sn 83020889</subfield></datafield><datafield ind1=" " ind2=" " tag="936"><subfield code="a">1815 Nov. 23</subfield></datafield><datafield ind1="1" ind2=" " tag="029"><subfield code="a">AU@</subfield><subfield code="b">000025798398</subfield></datafield></record>